@misc { DOS,
  author = {Gokhan Sagoglu},
  title = {How to Perform DDoS Test as a Pentester},
  year = {2016},
  month = {December},
  url = {https://www.pentest.blog/how-to-perform-ddos-test-as-a-pentester/},
}

@misc { hping3,
  author = {Salvatore Sanfilippo},
  title = {hping3(8) - Linux man page},
  url = {https://linux.die.net/man/8/hping3/},
}

@misc { zmap,
  author = {Zakir Durumeric and Eric Wustrow and J. Alex Halderman},
  title = {Ubuntu Manpage: zmap - A fast Internet-wide scanner},
  url = {http://manpages.ubuntu.com/manpages/trusty/man1/zmap.1.html}
}
